@inproceedings{Methenitis2013,
  author = {Georgios Methenitis and Patrick M. de Kok and Sander Nugteren and Arnoud Visser}, 
  title = {Orientation finding using a grid based visual compass},
  booktitle = {25th Belgian-Netherlands Conference on Artificial Intelligence (BNAIC 2013)},
  pages = {128-135},
  location = {Delft University of Technology, the Netherlands},
  month = {November},
  year = 2013,
}

